@book{sinninghe:78,
  author = 	 {Jacques Sinninghe},
  title = 	 {Volkssprookjes uit Nederland en Vlaanderen},
  publisher = 	 {Kruseman},
  year = 	 1978,
  address = 	 {Den Haag},
}

@article{sklearn,
  author =       {Pedregosa, F. and Varoquaux, G. and Gramfort, A. and
                  Michel, V.  and Thirion, B. and Grisel, O. and
                  Blondel, M. and Prettenhofer, P.  and Weiss, R. and
                  Dubourg, V. and Vanderplas, J. and Passos, A. and
                  Cournapeau, D. and Brucher, M. and Perrot, M. and
                  Duchesnay, E.},
 title= {Scikit-Learn: Machine Learning in {P}ython},
 journal = {Journal of Machine Learning Research},
 volume = {12},
 pages = {2825--2830},
 year = {2011}
}

@book{rijsbergen:79,
  author =       {{Van Rijsbergen}, Cornelis},
  year =         1979,
  title =        {Information Retrieval},
  publisher =    {Butterworths}
}

@inproceedings{evans:00,
  author =       {Richard Evans and Constantin Or\u{a}san},
  title =        {Improving anaphore resolution by identifying animate
                  entities in texts},
  booktitle =    {Proceedings of the Discourse Anaphora and Reference
                  Resolution Conference},
  pages =        {154--162},
  year =         2000
}

@InProceedings{orasan:01,
  author =	 {Constantin Or\u{a}san and Richard Evans},
  title =	 {Learning to identify animate references},
  editor =	 {Walter Daelemans and R{\'e}mi Zajac},
  booktitle =	 {Proceedings of CoNLL-2001},
  address =	 {Toulouse, France},
  pages =	 {129--136},
  month =	 {July, 6 -- 7},
  year =	 {2001},
  URL = 	 {http://clg.wlv.ac.uk/papers/orasan-01a.pdf}
}

@article{orasan:07,
  author =       {Constantin Or\u{a}san and Richard Evans},
  title =        {NP animacy identification for anaphora resolution},
  journal =      {Journal of Artificial Intelligence Research},
  volume =       29,
  pages =        {79--103},
  year =         2007
}

@inproceedings{bowman:12,
  author =       {Samuel Bowman and Harshit Chopra},
  title =        {Automatic animacy classification},
  booktitle =    {Proceedings of the NAACL - HLT 2012 Student Research
                  Workshop},
  year =         2012
}

@book{dennett:96,
  author =       {Daniel Dennett},
  title =        {The Intentional Stance},
  publisher =    {Cambridge, Massachusetts: The MIT Press},
  year =         1996
}

@article{bloem:13,
  author =       {Jelke Bloem and Gosse Bouma},
  title =        {Automatic animacy classification for {D}utch},
  journal =      {Computational Linguistics in the Netherlands
                  Journal},
  volume =       3,
  year =         2013,
  pages =        {82--102}
}

@inproceedings{moore:13,
  author =       {Joshua Moore and Christopher Burges and Erin Renshaw
                  and Wen-tau Yih},
  title =        {Animacy Detection with Voting Models},
  booktitle =    {Proceedings of the 2013 Conference on Empirical
                  Methods in Natural Language Processing},
  pages =        {55--60},
  year =         2013
}
  
@InProceedings{ovrelid:09,
  author =       {Lilja {\O}vrelid},
  title =        {Empirical evaluations of animacy annotation},
  booktitle =    {Proceedings of the 12th Conference of the European
                  Chapter of the Association for Computational
                  Linguistics (EACL)},
  year =         2009
} 

@InProceedings{ovrelid:06,
  author =       {Lilja {\O}vrelid},
  title =        {Towards robust animacy classification using
                  morphosyntactic distributional features},
  booktitle =    {Proceedings of the {EACL} 2006 {S}tudent {R}esearch
                  {W}orkshop},
  pages =        {47-54},
  year =         2006
} 

@InProceedings{ovrelid:05,
  author =       {Lilja {\O}vrelid},
  title =        {Animacy classification based on morphosyntactic
                  corpus frequencies: Some experiments with
                  {N}orwegian nouns},
  booktitle =    {Proceedings of the {W}orkshop on {E}xploring
                  {S}yntactically {A}nnotated {C}orpora},
  pages =        {24-34},
  year =         2005,
  editor =       {Kiril Simov and Dimitar Kazakov and Petya Osenova}
} 

@InProceedings{ovrelid:08,
  author =       {Lilja {\O}vrelid},
  title =        {Linguistic features in data-driven dependency
                  parsing},
  booktitle =    {Proceedings of the {C}onference on {C}omputational
                  {N}atural {L}anguage {L}earning ({CoNLL} 2008)},
  year =         2008
} 

@InProceedings{ovrelid:04,
  author =       {Lilja {\O}vrelid},
  title =        {Disambiguation of syntactic functions in
                  {N}orwegian: Modeling variation in word order
                  interpretations conditioned by animacy and
                  definiteness},
  booktitle =    {Proceedings of the 20th {S}candinavian {C}onference
                  of {L}inguistics},
  year =         2004,
  editor =       {Fred Karlsson},
  note =
                  {http://www.ling.helsinki.fi/kielitiede/20scl/proceedings.shtml}
}

@Inproceedings{karsdorp:12,
  author =       {Folgert Karsdorp and Peter {Van Kranenburg} and Theo
                  Meder and Antal {Van den Bosch}},
  title =        {Casting a Spell: Indentification and Ranking of
                  Actors in Folktales},
  editor =       {Mambrini, F and Passarotti, M and Sporleder, C},
  booktitle =    {Proceedings of the Second Workshop on Annotation of
                  Corpora for Research in het Humanities (ACRH-2)},
  year =         2012,
  pages =        {39--50}
}
  
@Inproceedings{ji:09,
  author =       {Heng Ji and Dekang Lin},
  title =        {Gender and animacy knowledge discovery from
                  web-scale N-grams for unsupervised person mention
                  detection},
  booktitle =    {Proceedings of the 23rd Pacific Asia Conference on
                  Language, Information and Computation},
  year =         2009
}

@article{smedt:12,
  author =       {Tom {De Smedt} and Walter Daelemans},
  title =        {Pattern for {P}ython},
  year =         2012,
  pages =        {2031--2035},
  volume =       13,
  journal =      {Journal of Machine Learning Research}
}

@article{bouma:01,
  title =        {Alpino: Wide-coverage computational analysis of
                  Dutch},
  author =       {Gosse Bouma and Gertjan {Van Noord} and Robert
                  Malouf},
  journal =      {Language and Computers},
  volume =       37,
  number =       1,
  pages =        {45--59},
  year =         2001,
  publisher =    {Rodopi}
}

@inproceedings{schaefer:12,
  author =       {Roland Sch\"afer and Felix Bildhauer},
  title =        {Building Large Corpora from the Web Using a New
                  Efficient Tool Chain},
  year =         2012,
  pages =        {486--493},
  crossref =     {LREC2012}
}

@proceedings{LREC2012,
  title =        {Proceedings of the Eighth International Conference
                  on Language Resources and Evaluation (LREC'12)},
  year =         2012,
  editor =       {Nicoletta Calzolari and Khalid Choukri and Thierry
                  Declerck and Mehmet U\u{g}ur Do\u{g}an and Bente
                  Maegaard and Joseph Mariani and Jan Odijk and
                  Stelios Piperidis},
  address =      {Istanbul},
  publisher =    {ELRA},
  booktitle =    {Proceedings of the Eight International Conference on
                  Language Resources and Evaluation (LREC'12)}
}  

@inproceedings{mikolov:13,
  author =       {Tomas Mikolov and Kai Chen and Greg Corrado and
                  Jeffrey Dean},
  title =        {Efficient Estimation of Word Representations in
                  Vector Space},
  booktitle =    {Proceedings of Workship at ICLR},
  year =         2013,
}

@article{opfer:02,
  author =       {John Opfer},
  title =        {Identifying living and sentient kinds from dynamic
                  information: The case of goal-directed versus
                  aimless autonomous movement in conceptual change},
  journal =      {Cognition},
  volume =       86,
  number =       2,
  year =         2002,
  pages =        {97--122}
}


@article{gao:12,
  author =       {Tao Gao and Brian Scholl and Gregory McCarthy},
  title =        {Dissociating the detection of intentionality from
                  animacy in the right posterior superior temporal
                  sulcus},
  year =         2012,
  journal =      {The Journal of neuroscience: the official journal
                  of the Society for Neuroscience},
  volume =       32,
  number =       41,
  pages =        {14276--14280}
}
  
@article{lee:13,
  author =       {Heeyoung Lee and Angel Chang and Yves Peirsman and
                  Nathanael Chambers and Mihai Surdeanu and Dan
                  Jurafsky},
  title =        {Deterministic coreference resolution based on
                  entity-centric, precision-ranked rules},
  journal =      {Computational Linguistics},
  volume =       39,
  number =       4,
  year =         2013,
}

@InProceedings{ovr:niv:07,
  author =       {Lilja {\O}vrelid and Joakim Nivre},
  title =        {When word order and part-of-speech tags are not
                  enough -- {S}wedish dependency parsing with rich
                  linguistic features},
  booktitle =    {Proceedings of the {I}nternational {C}onference on
                  {R}ecent {A}dvances in {N}atural {L}anguage
                  {P}rocessing ({RANLP})},
  pages =        {447-451},
  year =         2007
} 
